<record><leader>00000cas a22000007a 4500</leader><controlfield tag="001">20686100</controlfield><controlfield tag="008">891122d18871889aluwr ne      0    0eng d</controlfield><datafield ind1=" " ind2=" " tag="010"><subfield code="a">sn 89050038 </subfield></datafield><datafield ind1=" " ind2=" " tag="040"><subfield code="a">CPN</subfield><subfield code="b">eng</subfield><subfield code="c">CPN</subfield><subfield code="d">OCLCQ</subfield></datafield><datafield ind1=" " ind2=" " tag="042"><subfield code="a">msc</subfield></datafield><datafield ind1="0" ind2="0" tag="245"><subfield code="a">Cleburne County news.</subfield></datafield><datafield ind1=" " ind2=" " tag="260"><subfield code="a">Edwardsville, Ala. :</subfield><subfield code="b">B.B. Bridges &amp; L.D. Favor</subfield></datafield><datafield ind1=" " ind2=" " tag="300"><subfield code="a">v.</subfield></datafield><datafield ind1=" " ind2=" " tag="310"><subfield code="a">Weekly</subfield></datafield><datafield ind1="1" ind2=" " tag="362"><subfield code="a">Began in 1887; ceased in 1889.</subfield></datafield><datafield ind1=" " ind2=" " tag="588"><subfield code="a">Description based on: Vol. 1, no. 22 (Jan. 13, 1888).</subfield></datafield><datafield ind1=" " ind2=" " tag="752"><subfield code="a">United States</subfield><subfield code="b">Alabama</subfield><subfield code="c">Cleburne</subfield><subfield code="d">Edwardsville.</subfield></datafield><datafield ind1="0" ind2="7" tag="785"><subfield code="t">Edwardsville standard</subfield><subfield code="w">(DLC)sn 89050039</subfield></datafield><datafield ind1="0" ind2="7" tag="785"><subfield code="t">Standard-news (Edwardsville, Ala.)</subfield><subfield code="w">(DLC)sn 89050040</subfield></datafield></record>